@inproceedings{ganesan2003analyzing,
  title={Analyzing and modeling encryption overhead for sensor network nodes},
  author={Ganesan, Prasanth and Venugopalan, Ramnath and Peddabachagari, Pushkin and Dean, Alexander and Mueller, Frank and Sichitiu, Mihail},
  booktitle={Proceedings of the 2nd ACM international conference on Wireless sensor networks and applications},
  pages={151--159},
  year={2003}
}

@article{liu2009passive,
  title={Passive diagnosis for wireless sensor networks},
  author={Liu, Yunhao and Liu, Kebin and Li, Mo},
  journal={IEEE/ACM Transactions on networking},
  volume={18},
  number={4},
  pages={1132--1144},
  year={2009},
  publisher={IEEE}
}

@INPROCEEDINGS{7029932,
  author={R. S. {Ransing} and M. {Rajput}},
  booktitle={2015 International Conference on Nascent Technologies in the Engineering Field (ICNTE)}, 
  title={Smart home for elderly care, based on Wireless Sensor Network}, 
  year={2015},
  volume={},
  number={},
  pages={1-5},
  doi={10.1109/ICNTE.2015.7029932}}